%% This BibTeX bibliography file was created using BibDesk.
%% http://bibdesk.sourceforge.net/


%% Created for Jarron Leisenring at 2019-03-04 20:24:28 -0700 


%% Saved with string encoding Unicode (UTF-8) 



@article{gree17,
	Adsnote = {Provided by the SAO/NASA Astrophysics Data System},
	Adsurl = {https://ui.adsabs.harvard.edu/\#abs/2017JATIS...3c5001G},
	Author = {{Greene}, Thomas P. and {Kelly}, Douglas M. and {Stansberry}, John and {Leisenring}, Jarron and {Egami}, Eiichi and {Schlawin}, Everett and {Chu}, Laurie and {Hodapp}, Klaus W. and {Rieke}, Marcia},
	Date-Added = {2019-03-04 20:23:33 -0700},
	Date-Modified = {2019-03-04 20:24:28 -0700},
	Doi = {10.1117/1.JATIS.3.3.035001},
	Eid = {035001},
	Journal = {JATIS},
	Month = {Jul},
	Pages = {035001},
	Title = {{{\ensuremath{\lambda}} = 2.4 to 5 {\ensuremath{\mu}}m spectroscopy with the James Webb Space Telescope NIRCam instrument}},
	Volume = {3},
	Year = {2017},
	Bdsk-Url-1 = {https://doi.org/10.1117/1.JATIS.3.3.035001}}

@article{perr18,
	Adsnote = {Provided by the SAO/NASA Astrophysics Data System},
	Adsurl = {https://ui.adsabs.harvard.edu/\#abs/2018SPIE10698E..09P},
	Author = {{Perrin}, Marshall D. and {Pueyo}, Laurent and {Van Gorkom}, Kyle and {Brooks}, Keira and {Rajan}, Abhijith and {Girard}, Julien and {Lajoie}, Charles-Philippe},
	Booktitle = {Society of Photo-Optical Instrumentation Engineers (SPIE) Conference Series},
	Date-Added = {2019-03-04 20:07:54 -0700},
	Date-Modified = {2019-03-04 20:16:48 -0700},
	Doi = {10.1117/12.2313552},
	Eid = {1069809},
	Journal = {\procspie},
	Month = {Aug},
	Pages = {1069809},
	Title = {{Updated optical modeling of JWST coronagraph performance contrast, stability, and strategies}},
	Volume = {10698},
	Year = {2018},
	Bdsk-Url-1 = {https://doi.org/10.1117/12.2313552}}

@article{perr14,
	Adsnote = {Provided by the SAO/NASA Astrophysics Data System},
	Adsurl = {http://adsabs.harvard.edu/abs/2014SPIE.9143E..3XP},
	Author = {{Perrin}, M.~D. and {Sivaramakrishnan}, A. and {Lajoie}, C.-P. and {Elliott}, E. and {Pueyo}, L. and {Ravindranath}, S. and {Albert}, L.},
	Booktitle = {Space Telescopes and Instrumentation 2014: Optical, Infrared, and Millimeter Wave},
	Date-Added = {2017-10-06 17:57:33 +0000},
	Date-Modified = {2017-10-06 17:57:43 +0000},
	Doi = {10.1117/12.2056689},
	Eid = {91433X},
	Journal = {\procspie},
	Month = aug,
	Pages = {91433X},
	Series = {\procspie},
	Title = {{Updated point spread function simulations for JWST with WebbPSF}},
	Volume = 9143,
	Year = 2014,
	Bdsk-Url-1 = {http://dx.doi.org/10.1117/12.2056689}}

@article{perr12,
	Adsnote = {Provided by the SAO/NASA Astrophysics Data System},
	Adsurl = {http://adsabs.harvard.edu/abs/2012SPIE.8442E..3DP},
	Author = {{Perrin}, M.~D. and {Soummer}, R. and {Elliott}, E.~M. and {Lallo}, M.~D. and {Sivaramakrishnan}, A.},
	Booktitle = {Space Telescopes and Instrumentation 2012: Optical, Infrared, and Millimeter Wave},
	Date-Added = {2017-10-06 17:57:03 +0000},
	Date-Modified = {2017-10-06 17:57:16 +0000},
	Doi = {10.1117/12.925230},
	Eid = {84423D},
	Journal = {\procspie},
	Month = sep,
	Pages = {84423D},
	Series = {\procspie},
	Title = {{Simulating point spread functions for the James Webb Space Telescope with WebbPSF}},
	Volume = 8442,
	Year = 2012,
	Bdsk-Url-1 = {http://dx.doi.org/10.1117/12.925230}}

@article{schl17,
	Adsnote = {Provided by the SAO/NASA Astrophysics Data System},
	Adsurl = {http://adsabs.harvard.edu/abs/2017PASP..129a5001S},
	Archiveprefix = {arXiv},
	Author = {{Schlawin}, E. and {Rieke}, M. and {Leisenring}, J. and {Walker}, L.~M. and {Fraine}, J. and {Kelly}, D. and {Misselt}, K. and {Greene}, T. and {Line}, M. and {Lewis}, N. and {Stansberry}, J.},
	Date-Added = {2017-10-04 18:26:57 +0000},
	Date-Modified = {2017-10-04 18:26:58 +0000},
	Doi = {10.1088/1538-3873/129/971/015001},
	Eprint = {1610.02026},
	Journal = {\pasp},
	Month = jan,
	Number = 1,
	Pages = {015001},
	Primaryclass = {astro-ph.IM},
	Title = {{Two NIRCam Channels are Better than One: How JWST Can Do More Science with NIRCam{\rsquo}s Short-wavelength Dispersed Hartmann Sensor}},
	Volume = 129,
	Year = 2017,
	Bdsk-Url-1 = {http://dx.doi.org/10.1088/1538-3873/129/971/015001}}

@article{jaff08,
	Adsnote = {Provided by the SAO/NASA Astrophysics Data System},
	Adsurl = {http://adsabs.harvard.edu/abs/2008SPIE.7010E..3LJ},
	Author = {{Jaffe}, D.~T. and {Wang}, W. and {Marsh}, J.~P. and {Deen}, C.~P. and {Kelly}, D. and {Greene}, T.~P.},
	Booktitle = {Space Telescopes and Instrumentation 2008: Optical, Infrared, and Millimeter},
	Date-Added = {2017-10-04 18:25:50 +0000},
	Date-Modified = {2017-10-04 18:26:00 +0000},
	Doi = {10.1117/12.788556},
	Eid = {70103L},
	Journal = {\procspie},
	Month = jul,
	Pages = {70103L},
	Series = {\procspie},
	Title = {{Fabrication and test of silicon grisms for JWST-NIRCam}},
	Volume = 7010,
	Year = 2008,
	Bdsk-Url-1 = {http://dx.doi.org/10.1117/12.788556}}

@article{shi08,
	Adsnote = {Provided by the SAO/NASA Astrophysics Data System},
	Adsurl = {http://adsabs.harvard.edu/abs/2008SPIE.7010E..2ES},
	Author = {{Shi}, F. and {King}, B.~M. and {Sigrist}, N. and {Basinger}, S.~A.},
	Booktitle = {Space Telescopes and Instrumentation 2008: Optical, Infrared, and Millimeter},
	Date-Added = {2017-10-04 18:25:16 +0000},
	Date-Modified = {2017-10-04 18:25:26 +0000},
	Doi = {10.1117/12.789641},
	Eid = {70102E},
	Journal = {\procspie},
	Month = jul,
	Pages = {70102E},
	Series = {\procspie},
	Title = {{NIRCam Long Wavelength Channel grisms as the Dispersed Fringe Sensor for JWST segment mirror coarse phasing}},
	Volume = 7010,
	Year = 2008,
	Bdsk-Url-1 = {http://dx.doi.org/10.1117/12.789641}}

@article{gree16,
	Adsnote = {Provided by the SAO/NASA Astrophysics Data System},
	Adsurl = {http://adsabs.harvard.edu/abs/2016SPIE.9904E..0EG},
	Archiveprefix = {arXiv},
	Author = {{Greene}, T.~P. and {Chu}, L. and {Egami}, E. and {Hodapp}, K.~W. and {Kelly}, D.~M. and {Leisenring}, J. and {Rieke}, M. and {Robberto}, M. and {Schlawin}, E. and {Stansberry}, J.},
	Booktitle = {Space Telescopes and Instrumentation 2016: Optical, Infrared, and Millimeter Wave},
	Date-Added = {2017-10-04 18:02:27 +0000},
	Date-Modified = {2017-10-04 18:02:35 +0000},
	Doi = {10.1117/12.2231347},
	Eid = {99040E},
	Eprint = {1606.04161},
	Month = jul,
	Pages = {99040E},
	Primaryclass = {astro-ph.IM},
	Series = {\procspie},
	Title = {{Slitless spectroscopy with the James Webb Space Telescope Near-Infrared Camera (JWST NIRCam)}},
	Volume = 9904,
	Year = 2016,
	Bdsk-Url-1 = {http://dx.doi.org/10.1117/12.2231347}}

@article{gree07,
	Adsnote = {Provided by the SAO/NASA Astrophysics Data System},
	Adsurl = {http://adsabs.harvard.edu/abs/2007SPIE.6693E..0GG},
	Author = {{Greene}, T. and {Beichman}, C. and {Eisenstein}, D. and {Horner}, S. and {Kelly}, D. and {Mao}, Y. and {Meyer}, M. and {Rieke}, M. and {Shi}, F.},
	Booktitle = {Techniques and Instrumentation for Detection of Exoplanets III},
	Date-Added = {2017-10-04 18:01:26 +0000},
	Date-Modified = {2017-10-04 18:10:16 +0000},
	Doi = {10.1117/12.732506},
	Eid = {66930G},
	Journal = {\procspie},
	Month = sep,
	Pages = {66930G},
	Series = {\procspie},
	Title = {{Observing exoplanets with the JWST NIRCam grisms}},
	Volume = 6693,
	Year = 2007,
	Bdsk-Url-1 = {http://dx.doi.org/10.1117/12.732506}}

@article{kris07,
	Adsnote = {Provided by the SAO/NASA Astrophysics Data System},
	Adsurl = {http://adsabs.harvard.edu/abs/2007SPIE.6693E..0HK},
	Author = {{Krist}, J.~E. and {Beichman}, C.~A. and {Trauger}, J.~T. and {Rieke}, M.~J. and {Somerstein}, S. and {Green}, J.~J. and {Horner}, S.~D. and {Stansberry}, J.~A. and {Shi}, F. and {Meyer}, M.~R. and {Stapelfeldt}, K.~R. and {Roellig}, T.~L.},
	Booktitle = {Techniques and Instrumentation for Detection of Exoplanets III},
	Date-Added = {2017-10-04 17:59:56 +0000},
	Date-Modified = {2017-10-04 18:00:10 +0000},
	Doi = {10.1117/12.734873},
	Eid = {66930H},
	Journal = {\procspie},
	Month = sep,
	Pages = {66930H},
	Series = {\procspie},
	Title = {{Hunting planets and observing disks with the JWST NIRCam coronagraph}},
	Volume = 6693,
	Year = 2007,
	Bdsk-Url-1 = {http://dx.doi.org/10.1117/12.734873}}

@article{beic12,
	Adsnote = {Provided by the SAO/NASA Astrophysics Data System},
	Adsurl = {http://adsabs.harvard.edu/abs/2012SPIE.8442E..2NB},
	Author = {{Beichman}, C.~A. and {Rieke}, M. and {Eisenstein}, D. and {Greene}, T.~P. and {Krist}, J. and {McCarthy}, D. and {Meyer}, M. and {Stansberry}, J.},
	Booktitle = {Space Telescopes and Instrumentation 2012: Optical, Infrared, and Millimeter Wave},
	Date-Added = {2017-10-04 17:48:52 +0000},
	Date-Modified = {2017-10-04 17:58:19 +0000},
	Doi = {10.1117/12.925447},
	Eid = {84422N},
	Journal = {\procspie},
	Month = sep,
	Pages = {84422N},
	Series = {\procspie},
	Title = {{Science opportunities with the near-IR camera (NIRCam) on the James Webb Space Telescope (JWST)}},
	Volume = 8442,
	Year = 2012,
	Bdsk-Url-1 = {http://dx.doi.org/10.1117/12.925447}}

@article{fige04,
	Adsnote = {Provided by the SAO/NASA Astrophysics Data System},
	Adsurl = {http://adsabs.harvard.edu/abs/2004SPIE.5167..270F},
	Author = {{Figer}, D.~F. and {Rauscher}, B.~J. and {Regan}, M.~W. and {Morse}, E. and {Balleza}, J. and {Bergeron}, L. and {Stockman}, H.~S.},
	Booktitle = {Focal Plane Arrays for Space Telescopes},
	Date-Added = {2016-06-17 05:27:06 +0000},
	Date-Modified = {2016-06-17 05:35:14 +0000},
	Doi = {10.1117/12.505787},
	Editor = {{Grycewicz}, T.~J. and {McCreight}, C.~R.},
	Journal = {\procspie},
	Month = jan,
	Pages = {270-301},
	Series = {\procspie},
	Title = {{Independent testing of JWST detector prototypes}},
	Volume = 5167,
	Year = 2004,
	Bdsk-Url-1 = {http://dx.doi.org/10.1117/12.505787}}

@article{rega12,
	Adsnote = {Provided by the SAO/NASA Astrophysics Data System},
	Adsurl = {http://adsabs.harvard.edu/abs/2012SPIE.8442E..4WR},
	Author = {{Regan}, M. and {Bergeron}, E. and {Lindsay}, K. and {Anderson}, R.},
	Booktitle = {Space Telescopes and Instrumentation 2012: Optical, Infrared, and Millimeter Wave},
	Date-Added = {2016-06-12 18:57:04 +0000},
	Date-Modified = {2016-06-12 18:58:17 +0000},
	Doi = {10.1117/12.927033},
	Eid = {84424W},
	Journal = {\procspie},
	Month = sep,
	Pages = {84424W},
	Title = {{Count rate nonlinearity in near infrared detectors: inverse persistence}},
	Volume = 8442,
	Year = 2012,
	Bdsk-Url-1 = {http://dx.doi.org/10.1117/12.927033}}

@techreport{mccu08,
	Adsnote = {Provided by the SAO/NASA Astrophysics Data System},
	Adsurl = {http://adsabs.harvard.edu/abs/2008wfc..rept...33M},
	Author = {{McCullough}, P. and {Deustua}, S.},
	Booktitle = {Space Telescope WFC Instrument Science Report},
	Date-Added = {2016-06-12 18:19:53 +0000},
	Date-Modified = {2016-06-12 18:19:53 +0000},
	Keywords = {Hubble Space Telescope, HST, Space Telescope Science Institute, Wide Field Camera 3, WFC3},
	Title = {{WFC3 TV3 Testing: IR Persistence}},
	Year = 2008}

@article{smit08a,
	Adsnote = {Provided by the SAO/NASA Astrophysics Data System},
	Adsurl = {http://adsabs.harvard.edu/abs/2008SPIE.7021E..0JS},
	Author = {{Smith}, R.~M. and {Zavodny}, M. and {Rahmer}, G. and {Bonati}, M.},
	Booktitle = {High Energy, Optical, and Infrared Detectors for Astronomy III},
	Date-Added = {2016-06-12 18:15:48 +0000},
	Date-Modified = {2016-06-12 18:58:46 +0000},
	Doi = {10.1117/12.789372},
	Eid = {70210J},
	Journal = {\procspie},
	Month = jul,
	Pages = {70210J},
	Series = {\procspie},
	Title = {{A theory for image persistence in HgCdTe photodiodes}},
	Volume = 7021,
	Year = 2008,
	Bdsk-Url-1 = {http://dx.doi.org/10.1117/12.789372}}

@article{smit08,
	Adsnote = {Provided by the SAO/NASA Astrophysics Data System},
	Adsurl = {http://adsabs.harvard.edu/abs/2008SPIE.7021E..0KS},
	Author = {{Smith}, R.~M. and {Zavodny}, M. and {Rahmer}, G. and {Bonati}, M.},
	Booktitle = {High Energy, Optical, and Infrared Detectors for Astronomy III},
	Date-Added = {2016-06-12 18:15:34 +0000},
	Date-Modified = {2016-06-12 18:58:39 +0000},
	Doi = {10.1117/12.789619},
	Eid = {70210K},
	Journal = {\procspie},
	Month = jul,
	Pages = {70210K},
	Series = {\procspie},
	Title = {{Calibration of image persistence in HgCdTe photodiodes}},
	Volume = 7021,
	Year = 2008,
	Bdsk-Url-1 = {http://dx.doi.org/10.1117/12.789619}}

@article{long12,
	Adsnote = {Provided by the SAO/NASA Astrophysics Data System},
	Adsurl = {http://adsabs.harvard.edu/abs/2012SPIE.8442E..1WL},
	Author = {{Long}, K.~S. and {Baggett}, S.~M. and {MacKenty}, J.~W. and {Riess}, A.~G.},
	Booktitle = {Space Telescopes and Instrumentation 2012: Optical, Infrared, and Millimeter Wave},
	Date-Added = {2016-06-12 18:12:49 +0000},
	Date-Modified = {2016-06-12 18:58:09 +0000},
	Doi = {10.1117/12.926778},
	Eid = {84421W},
	Journal = {\procspie},
	Month = sep,
	Pages = {84421W},
	Title = {{Characterizing persistence in the IR detector within the Wide Field Camera 3 instrument on the Hubble Space Telescope}},
	Volume = 8442,
	Year = 2012,
	Bdsk-Url-1 = {http://dx.doi.org/10.1117/12.926778}}

@article{riek05,
	Adsnote = {Provided by the SAO/NASA Astrophysics Data System},
	Adsurl = {http://adsabs.harvard.edu/abs/2005SPIE.5904....1R},
	Author = {{Rieke}, M.~J. and {Kelly}, D. and {Horner}, S.},
	Booktitle = {Cryogenic Optical Systems and Instruments XI},
	Date-Added = {2016-06-12 17:46:52 +0000},
	Date-Modified = {2016-06-12 17:54:55 +0000},
	Doi = {10.1117/12.615554},
	Editor = {{Heaney}, J.~B. and {Burriesci}, L.~G.},
	Journal = {\procspie},
	Month = aug,
	Pages = {1-8},
	Title = {{Overview of James Webb Space Telescope and NIRCam's Role}},
	Volume = 5904,
	Year = 2005,
	Bdsk-Url-1 = {http://dx.doi.org/10.1117/12.615554}}

@article{raus12,
	Author = {Rauscher, Bernard J. and Stahle, Carl and Hill, Robert J. and Greenhouse, Matthew and Beletic, James and Babu, Sachidananda and Blake, Peter and Cleveland, Keith and Cofie, Emmanuel and Eegholm, Bente and Engelbracht, C. W. and Hall, Donald N. B. and Hoffman, Alan and Jeffers, Basil and Jhabvala, Christine and Kimble, Randy A. and Kohn, Stanley and Kopp, Robert and Lee, Don and Leidecker, Henning and Lindler, Don and McMurray, Robert E. and Misselt, Karl and Mott, D. Brent and Ohl, Raymond and Pipher, Judith L. and Piquette, Eric and Polis, Dan and Pontius, Jim and Rieke, Marcia and Smith, Roger and Tennant, W. E. and Wang, Liqin and Wen, Yiting and Willmer, Christopher N. A. and Zandian, Majid},
	Date-Added = {2016-06-12 17:18:27 +0000},
	Date-Modified = {2016-06-12 17:18:27 +0000},
	Doi = {http://dx.doi.org/10.1063/1.4733534},
	Eid = 021901,
	Journal = {AIP Advances},
	Number = {2},
	Title = {Commentary: JWST near-infrared detector degradation--- finding the problem, fixing the problem, and moving forward},
	Url = {http://scitation.aip.org/content/aip/journal/adva/2/2/10.1063/1.4733534},
	Volume = {2},
	Year = {2012},
	Bdsk-Url-1 = {http://scitation.aip.org/content/aip/journal/adva/2/2/10.1063/1.4733534},
	Bdsk-Url-2 = {http://dx.doi.org/10.1063/1.4733534}}

@article{ande14,
	Adsnote = {Provided by the SAO/NASA Astrophysics Data System},
	Adsurl = {http://adsabs.harvard.edu/abs/2014arXiv1402.4181A},
	Archiveprefix = {arXiv},
	Author = {{Anderson}, R.~E. and {Regan}, M. and {Valenti}, J. and {Bergeron}, E.},
	Date-Added = {2016-06-12 17:18:22 +0000},
	Date-Modified = {2016-06-12 17:18:22 +0000},
	Eprint = {1402.4181},
	Journal = {ArXiv e-prints},
	Keywords = {Astrophysics - Instrumentation and Methods for Astrophysics},
	Month = feb,
	Primaryclass = {astro-ph.IM},
	Title = {{Understanding Persistence: A 3D Trap Map of an H2RG Imaging Sensor}},
	Year = 2014}

@inproceedings{bail14,
	Author = {{Bailey}, V.~P. and {Hinz}, P.~M. and {Vaitheeswaran}, V. and {Puglisi}, A. and {Esposito}, S.},
	Date-Added = {2014-06-11 19:53:32 +0000},
	Date-Modified = {2014-06-11 19:56:12 +0000},
	Series = {Proc. SPIE},
	Title = {{Large Binocular telescope interferometer adaptive optics (LBTIAO): on-sky performance and lessons learned}},
	Volume = {9148},
	Year = {2014}}

@inproceedings{defr14,
	Author = {{Defr$\grave{\rm e}$re}, D. and {Hinz}, P.~M. and {Downey}, E.~C. and {Hill}, J.~M. and {Mennesson}, B. and {Skemer}, A.~J. and {Vaz}, A. and {Ashby}, D.~S. and {Bailey}, V.~P. and {Zappellini}, G.~B. and {Christou}, J.~C and {Danchi}, W.~C. and {Grenz}, P. and {Hoffmann}, W. and {Leisenring}, J.~M. and {McMahon}, T. and {Millan-Gabet}, R. and {Montoya}, M. and {Vaitheeswaran}, V.},
	Date-Added = {2014-06-04 16:40:33 +0000},
	Date-Modified = {2014-06-04 16:53:12 +0000},
	Series = {Proc. SPIE},
	Title = {{Co-phasing the Large Binocular telescope: status and performance of LBTI/PHASEcam}},
	Volume = {9146},
	Year = {2014}}

@misc{will11,
	Author = {{Williams}, D.~A. and {Keszthelyi}, L.~P. and {Crown}, D.~A. and {Yff}, J.~A. and {Jaeger}, W.~L. and {Schenk}, P.~M. and {Geissler}, P.~E. and {Becker}, T.~L.},
	Date-Added = {2014-06-03 20:58:56 +0000},
	Date-Modified = {2014-06-03 21:10:18 +0000},
	Title = {{Geologic map of Io: U.S. Geological Survey Scientific Investigations Map 3168, scale 1:15,000,000}},
	Url = {http://pubs.usgs.gov/sim/3168/},
	Year = {2011},
	Bdsk-Url-1 = {http://pubs.usgs.gov/sim/3168/}}

@article{gema84,
	Author = {{Geman}, S. and {Geman}, D.},
	Date-Added = {2014-05-30 18:22:16 +0000},
	Date-Modified = {2014-05-30 18:24:18 +0000},
	Journal = {IEEE Trans. Pattern Anal. Mach. Intell.},
	Pages = {721-741},
	Title = {{Stochastic relaxation, Gibbs distributions, and the Bayesian restoration of images}},
	Volume = {6},
	Year = {1984}}

@inproceedings{herb14,
	Adsnote = {Provided by the SAO/NASA Astrophysics Data System},
	Adsurl = {http://adsabs.harvard.edu/abs/2004SPIE.5492.1045H},
	Author = {{Herbst}, T.~M. and {Ragazzoni}, R. and {Eckart}, A. and {Weigelt}, G.},
	Date-Added = {2014-05-30 17:20:10 +0000},
	Date-Modified = {2014-05-30 17:21:00 +0000},
	Doi = {10.1117/12.551516},
	Series = {Proc. SPIE},
	Title = {{The LINC-NIRVANA Fizeau interferometric imager: final lab integration, First Light experiments and challenges}},
	Volume = 9146,
	Year = 2014,
	Bdsk-Url-1 = {http://dx.doi.org/10.1117/12.551516}}

@article{bert11,
	Adsnote = {Provided by the SAO/NASA Astrophysics Data System},
	Adsurl = {http://adsabs.harvard.edu/abs/2011InvPr..27k3001B},
	Author = {{Bertero}, M. and {Boccacci}, P. and {La Camera}, A. and {Olivieri}, C. and {Carbillet}, M.},
	Date-Added = {2014-05-29 23:19:41 +0000},
	Date-Modified = {2014-05-29 23:19:42 +0000},
	Doi = {10.1088/0266-5611/27/11/113001},
	Eid = {113001},
	Journal = {Inverse Problems},
	Month = nov,
	Number = 11,
	Pages = {113001},
	Title = {{Imaging with LINC-NIRVANA, the Fizeau interferometer of the Large Binocular Telescope: state of the art and open problems}},
	Volume = 27,
	Year = 2011,
	Bdsk-Url-1 = {http://dx.doi.org/10.1088/0266-5611/27/11/113001}}

@article{hofm05,
	Adsnote = {Provided by the SAO/NASA Astrophysics Data System},
	Adsurl = {http://adsabs.harvard.edu/abs/2005A%26A...444..983H},
	Author = {{Hofmann}, K.-H. and {Driebe}, T. and {Heininger}, M. and {Schertl}, D. and {Weigelt}, G.},
	Date-Added = {2014-05-29 22:48:21 +0000},
	Date-Modified = {2014-05-29 22:48:30 +0000},
	Doi = {10.1051/0004-6361:20053480},
	Journal = {A\&A},
	Keywords = {instrumentation: interferometers, instrumentation: high angular resolution, techniques: image processing, techniques: high angular resolution, techniques: miscellaneous},
	Month = dec,
	Pages = {983-993},
	Title = {{Reconstruction of aperture-synthesis images from LBT LINC-NIRVANA data using the Richardson-Lucy and space-variant Building Block method}},
	Volume = 444,
	Year = 2005,
	Bdsk-Url-1 = {http://dx.doi.org/10.1051/0004-6361:20053480}}

@article{hofm93,
	Adsnote = {Provided by the SAO/NASA Astrophysics Data System},
	Adsurl = {http://adsabs.harvard.edu/abs/1993A%26A...278..328H},
	Author = {{Hofmann}, K.-H. and {Weigelt}, G.},
	Date-Added = {2014-05-29 22:47:40 +0000},
	Date-Modified = {2014-05-29 22:47:56 +0000},
	Journal = {A\&A},
	Keywords = {Image Processing, Image Reconstruction, Observation, Speckle Interferometry, Spectrum Analysis, Fourier Transformation, Radio Interferometers, Very Long Base Interferometry},
	Month = oct,
	Pages = {328-339},
	Title = {{Iterative image reconstruction from the bispectrum}},
	Volume = 278,
	Year = 1993}

@article{la-c12,
	Adsnote = {Provided by the SAO/NASA Astrophysics Data System},
	Adsurl = {http://adsabs.harvard.edu/abs/2012SPIE.8445E..3EL},
	Author = {{La Camera}, A. and {Carbillet}, M. and {Olivieri}, C. and {Boccacci}, P. and {Bertero}, M.},
	Date-Added = {2014-05-29 22:08:50 +0000},
	Date-Modified = {2017-10-03 18:25:08 +0000},
	Doi = {10.1117/12.925545},
	Eid = {84453E},
	Journal = {SPIE},
	Month = jul,
	Series = {Proc. SPIE},
	Title = {{AIRY: a complete tool for the simulation and the reconstruction of astronomical images}},
	Volume = 8445,
	Year = 2012,
	Bdsk-Url-1 = {http://dx.doi.org/10.1117/12.925545}}

@inproceedings{carb14,
	Author = {{Carbillet}, M. and {La Camera}, A. and {Deguignet}, J. and {Prato}, M. and {Aristidi}, E. and {Bertero}, M. and {Boccacci}, P.},
	Date-Added = {2014-05-29 21:59:45 +0000},
	Date-Modified = {2014-05-29 22:33:53 +0000},
	Series = {Proc. SPIE},
	Title = {{Strehl-constrained reconstruction of post-adaptive optics data by means of the Software Package AIRY, version 6.1}},
	Volume = 9148,
	Year = 2014,
	Bdsk-Url-1 = {http://dx.doi.org/10.1051/0004-6361:20053848}}

@article{anco06,
	Adsnote = {Provided by the SAO/NASA Astrophysics Data System},
	Adsurl = {http://adsabs.harvard.edu/abs/2006A%26A...448.1217A},
	Author = {{Anconelli}, B. and {Bertero}, M. and {Boccacci}, P. and {Carbillet}, M. and {Lanteri}, H.},
	Date-Added = {2014-05-29 21:43:11 +0000},
	Date-Modified = {2014-05-29 22:38:46 +0000},
	Doi = {10.1051/0004-6361:20053848},
	Journal = {A\&A},
	Keywords = {methods: data analysis, methods: numerical},
	Month = mar,
	Pages = {1217-1224},
	Title = {{Reduction of boundary effects in multiple image deconvolution with an application to LBT LINC-NIRVANA}},
	Volume = 448,
	Year = 2006,
	Bdsk-Url-1 = {http://dx.doi.org/10.1051/0004-6361:20053848}}

@article{bert00,
	Adsnote = {Provided by the SAO/NASA Astrophysics Data System},
	Adsurl = {http://adsabs.harvard.edu/abs/2000A%26AS..147..323B},
	Author = {{Bertero}, M. and {Boccacci}, P.},
	Date-Added = {2014-05-29 21:35:45 +0000},
	Date-Modified = {2014-05-29 22:38:41 +0000},
	Doi = {10.1051/aas:2000304},
	Journal = {A\&A, Supplement},
	Keywords = {DATA ANALYSIS, METHODS NUMERICAL, IMAGE PROCESSING, TELESCOPES},
	Month = dec,
	Pages = {323-333},
	Title = {{Image restoration methods for the Large Binocular Telescope (LBT)}},
	Volume = 147,
	Year = 2000,
	Bdsk-Url-1 = {http://dx.doi.org/10.1051/aas:2000304}}

@article{leis12,
	Adsnote = {Provided by the SAO/NASA Astrophysics Data System},
	Adsurl = {http://adsabs.harvard.edu/abs/2012SPIE.8446E..4FL},
	Author = {{Leisenring}, J.~M. and {Skrutskie}, M.~F. and {Hinz}, P.~M. and {Skemer}, A. and {Bailey}, V. and {Eisner}, J. and {Garnavich}, P. and {Hoffmann}, W.~F. and {Jones}, T. and {Kenworthy}, M. and {Kuzmenko}, P. and {Meyer}, M. and {Nelson}, M. and {Rodigas}, T.~J. and {Wilson}, J.~C. and {Vaitheeswaran}, V.},
	Date-Added = {2014-05-22 20:46:52 +0000},
	Date-Modified = {2017-10-03 18:24:47 +0000},
	Doi = {10.1117/12.924814},
	Eid = {84464F},
	Journal = {SPIE},
	Series = {Proc. SPIE},
	Title = {{On-sky operations and performance of LMIRcam at the Large Binocular Telescope}},
	Volume = 8446,
	Year = 2012,
	Bdsk-Url-1 = {http://dx.doi.org/10.1117/12.924814}}

@article{krau12,
	Archiveprefix = {arXiv},
	Author = {{Kraus}, A.~L. and {Ireland}, M.~J.},
	Date-Added = {2012-06-27 22:12:58 +0200},
	Date-Modified = {2012-06-27 22:13:28 +0200},
	Doi = {10.1088/0004-637X/745/1/5},
	Eid = {5},
	Eprint = {1110.3808},
	Journal = {ApJ},
	Month = jan,
	Pages = {5},
	Primaryclass = {astro-ph.EP},
	Title = {{LkCa 15: A Young Exoplanet Caught at Formation?}},
	Volume = 745,
	Year = 2012,
	Bdsk-Url-1 = {http://dx.doi.org/10.1088/0004-637X/745/1/5}}

@article{jone07,
	Adsnote = {Provided by the SAO/NASA Astrophysics Data System},
	Adsurl = {http://adsabs.harvard.edu/abs/2007AJ....133.2730J},
	Author = {{Jones}, T.~J. and {Humphreys}, R.~M. and {Helton}, L.~A. and {Gui}, C. and {Huang}, X.},
	Date-Added = {2012-06-27 19:40:32 +0200},
	Date-Modified = {2012-06-27 19:40:59 +0200},
	Doi = {10.1086/517610},
	Eprint = {arXiv:astro-ph/0702718},
	Journal = {AJ},
	Keywords = {stars: individual: VY Canis Majoris, stars: mass loss, supergiants},
	Month = jun,
	Pages = {2730-2736},
	Title = {{The Three-Dimensional Morphology of VY Canis Majoris. II. Polarimetry and the Line-of-Sight Distribution of the Ejecta}},
	Volume = 133,
	Year = 2007,
	Bdsk-Url-1 = {http://dx.doi.org/10.1086/517610}}

@article{hump07,
	Adsnote = {Provided by the SAO/NASA Astrophysics Data System},
	Adsurl = {http://adsabs.harvard.edu/abs/2007AJ....133.2716H},
	Author = {{Humphreys}, R.~M. and {Helton}, L.~A. and {Jones}, T.~J.},
	Date-Added = {2012-06-27 19:39:02 +0200},
	Date-Modified = {2012-06-27 19:41:04 +0200},
	Doi = {10.1086/517609},
	Eprint = {arXiv:astro-ph/0702717},
	Journal = {AJ},
	Keywords = {circumstellar matter, stars: activity, stars: individual: VY Canis Majoris, stars: winds, outflows, supergiants},
	Month = jun,
	Pages = {2716-2729},
	Title = {{The Three-Dimensional Morphology of VY Canis Majoris. I. The Kinematics of the Ejecta}},
	Volume = 133,
	Year = 2007,
	Bdsk-Url-1 = {http://dx.doi.org/10.1086/517609}}

@article{danc94,
	Adsurl = {http://adsabs.harvard.edu/abs/1994AJ....107.1469D},
	Author = {{Danchi}, W.~C. and {Bester}, M. and {Degiacomi}, C.~G. and {Greenhill}, L.~J. and {Townes}, C.~H.},
	Date-Added = {2012-06-27 19:37:09 +0200},
	Date-Modified = {2012-06-27 19:43:08 +0200},
	Journal = {AJ},
	Month = apr,
	Pages = {1469-1513},
	Title = {{Characteristics of dust shells around 13 late-type stars}},
	Volume = 107,
	Year = 1994,
	Bdsk-Url-1 = {http://dx.doi.org/10.1086/116960}}

@techreport{lord92,
	Author = {Steven D. Lord},
	Date-Added = {2012-06-18 17:17:06 +0000},
	Date-Modified = {2012-06-18 17:17:08 +0000},
	Institution = {{NASA}},
	Number = {103957},
	Title = {A New software tool for computing earth's atmospheric transmission of near- and far-infrared radiation},
	Type = {{NASA} Technical Memorandum},
	Url = {http://www.gemini.edu/sciops/ObsProcess/obsConstraints/ocTransSpectra.html},
	Year = 1992,
	Bdsk-Url-1 = {http://www.gemini.edu/sciops/ObsProcess/obsConstraints/ocTransSpectra.html}}

@article{rodi12,
	Adsnote = {Provided by the SAO/NASA Astrophysics Data System},
	Adsurl = {http://adsabs.harvard.edu/abs/2012ApJ...752...57R},
	Archiveprefix = {arXiv},
	Author = {{Rodigas}, T.~J. and {Hinz}, P.~M. and {Leisenring}, J. and {Vaitheeswaran}, V. and {Skemer}, A.~J. and {Skrutskie}, M. and {Su}, K.~Y.~L. and {Bailey}, V. and {Schneider}, G. and {Close}, L. and {Mannucci}, F. and {Esposito}, S. and {Arcidiacono}, C. and {Pinna}, E. and {Argomedo}, J. and {Agapito}, G. and {Apai}, D. and {Bono}, G. and {Boutsia}, K. and {Briguglio}, R. and {Brusa}, G. and {Busoni}, L. and {Cresci}, G. and {Currie}, T. and {Desidera}, S. and {Eisner}, J. and {Falomo}, R. and {Fini}, L. and {Follette}, K. and {Fontana}, A. and {Garnavich}, P. and {Gratton}, R. and {Green}, R. and {Guerra}, J.~C. and {Hill}, J.~M. and {Hoffmann}, W.~F. and {Jones}, T.~J. and {Krejny}, M. and {Kulesa}, C. and {Males}, J. and {Masciadri}, E. and {Mesa}, D. and {McCarthy}, D. and {Meyer}, M. and {Miller}, D. and {Nelson}, M.~J. and {Puglisi}, A. and {Quiros-Pacheco}, F. and {Riccardi}, A. and {Sani}, E. and {Stefanini}, P. and {Testa}, V. and {Wilson}, J. and {Woodward}, C.~E. and {Xompero}, M.},
	Date-Added = {2012-06-15 14:20:49 +0000},
	Date-Modified = {2012-06-15 14:20:59 +0000},
	Doi = {10.1088/0004-637X/752/1/57},
	Eid = {57},
	Eprint = {1203.2619},
	Journal = {ApJ},
	Keywords = {circumstellar matter, instrumentation: adaptive optics, planetary systems, stars: individual: HD 15115, techniques: high angular resolution},
	Month = jun,
	Pages = {57},
	Primaryclass = {astro-ph.SR},
	Title = {{The Gray Needle: Large Grains in the HD 15115 Debris Disk from LBT/PISCES/Ks and LBTI/LMIRcam/L' Adaptive Optics Imaging}},
	Volume = 752,
	Year = 2012,
	Bdsk-Url-1 = {http://dx.doi.org/10.1088/0004-637X/752/1/57}}

@article{skem12,
	Adsnote = {Provided by the SAO/NASA Astrophysics Data System},
	Adsurl = {http://adsabs.harvard.edu/abs/2012ApJ...753...14S},
	Archiveprefix = {arXiv},
	Author = {{Skemer}, A.~J. and {Hinz}, P.~M. and {Esposito}, S. and {Burrows}, A. and {Leisenring}, J. and {Skrutskie}, M. and {Desidera}, S. and {Mesa}, D. and {Arcidiacono}, C. and {Mannucci}, F. and {Rodigas}, T.~J. and {Close}, L. and {McCarthy}, D. and {Kulesa}, C. and {Agapito}, G. and {Apai}, D. and {Argomedo}, J. and {Bailey}, V. and {Boutsia}, K. and {Briguglio}, R. and {Brusa}, G. and {Busoni}, L. and {Claudi}, R. and {Eisner}, J. and {Fini}, L. and {Follette}, K.~B. and {Garnavich}, P. and {Gratton}, R. and {Guerra}, J.~C. and {Hill}, J.~M. and {Hoffmann}, W.~F. and {Jones}, T. and {Krejny}, M. and {Males}, J. and {Masciadri}, E. and {Meyer}, M.~R. and {Miller}, D.~L. and {Morzinski}, K. and {Nelson}, M. and {Pinna}, E. and {Puglisi}, A. and {Quanz}, S.~P. and {Quiros-Pacheco}, F. and {Riccardi}, A. and {Stefanini}, P. and {Vaitheeswaran}, V. and {Wilson}, J.~C. and {Xompero}, M.},
	Date-Added = {2012-06-15 14:14:59 +0000},
	Date-Modified = {2012-06-15 14:15:59 +0000},
	Doi = {10.1088/0004-637X/753/1/14},
	Eid = {14},
	Eprint = {1203.2615},
	Journal = {ApJ},
	Keywords = {brown dwarfs, instrumentation: adaptive optics, planetary systems, planets and satellites: atmospheres, stars: individual: HR 8799},
	Month = jul,
	Pages = {14},
	Primaryclass = {astro-ph.EP},
	Title = {{First Light LBT AO Images of HR 8799 bcde at 1.6 and 3.3 {$\mu$}m: New Discrepancies between Young Planets and Old Brown Dwarfs}},
	Volume = 753,
	Year = 2012,
	Bdsk-Url-1 = {http://dx.doi.org/10.1088/0004-637X/753/1/14}}

@article{quan10,
	Adsnote = {Provided by the SAO/NASA Astrophysics Data System},
	Adsurl = {http://adsabs.harvard.edu/abs/2010ApJ...722L..49Q},
	Archiveprefix = {arXiv},
	Author = {{Quanz}, S.~P. and {Meyer}, M.~R. and {Kenworthy}, M.~A. and {Girard}, J.~H.~V. and {Kasper}, M. and {Lagrange}, A.-M. and {Apai}, D. and {Boccaletti}, A. and {Bonnefoy}, M. and {Chauvin}, G. and {Hinz}, P.~M. and {Lenzen}, R.},
	Date-Added = {2012-06-13 15:33:13 +0000},
	Date-Modified = {2012-06-15 14:14:57 +0000},
	Doi = {10.1088/2041-8205/722/1/L49},
	Eprint = {1009.0538},
	Journal = {ApJL},
	Keywords = {planets and satellites: detection, planets and satellites: formation, stars: formation, stars: pre-main sequence},
	Month = oct,
	Pages = {L49-L53},
	Primaryclass = {astro-ph.SR},
	Title = {{First Results from Very Large Telescope NACO Apodizing Phase Plate: 4 {$\mu$}m Images of The Exoplanet {$\beta$} Pictoris b}},
	Volume = 722,
	Year = 2010,
	Bdsk-Url-1 = {http://dx.doi.org/10.1088/2041-8205/722/1/L49}}

@inproceedings{fox08,
	Adsnote = {Provided by the SAO/NASA Astrophysics Data System},
	Adsurl = {http://adsabs.harvard.edu/abs/2008SPIE.7021E..61F},
	Author = {{Fox}, O. and {Waczynski}, A. and {Wen}, Y. and {Foltz}, R.~D. and {Hill}, R.~J. and {Kimble}, R.~A. and {Malumuth}, E. and {Rauscher}, B.~J.},
	Date-Added = {2012-06-13 00:30:40 +0200},
	Date-Modified = {2012-06-13 00:30:56 +0200},
	Doi = {10.1117/12.789052},
	Series = {Proc. SPIE},
	Title = {{The $^{55}$Fe x-ray energy response of mercury cadmium telluride near-infrared detector arrays}},
	Volume = 7021,
	Year = 2008,
	Bdsk-Url-1 = {http://dx.doi.org/10.1117/12.789052}}

@book{jane01,
	Address = {Bellingham, WA},
	Adsnote = {Provided by the SAO/NASA Astrophysics Data System},
	Adsurl = {http://adsabs.harvard.edu/abs/2001sccd.book.....J},
	Author = {{Janesick}, J.~R.},
	Booktitle = {Scientific charge-coupled devices, Bellingham, WA: SPIE Optical Engineering Press, 2001, xvi, 906 p.~SPIE Press monograph, PM 83.~ISBN 0819436984},
	Date-Added = {2012-06-13 00:21:11 +0200},
	Date-Modified = {2012-07-05 12:24:32 +0200},
	Keywords = {CHARGE COUPLED DEVICES, OPTICAL INSTRUMENTS},
	Publisher = {SPIE Optical Engineering Press},
	Title = {{Scientific charge-coupled devices}},
	Year = 2001}

@inproceedings{hinz12,
	Author = {{Hinz}, P.~M. and {Arbo}, P. and {Bailey}, V. and {Connors}, T. and {Durney}, O. and {Esposito}, S. and {Hoffmann}, W., F. and {Jones}, T.~J. and {Leisenring}, J.~M. and {Montoya}, M. and {Nash}, R. and {Nelson}, M.~J. and {McMahon}, T. and {Pinna}, E. and {Puglisi}, A. and {Skemer}, A. and {Skrutskie}, M.~F. and {Vaitheeswaran}, V.},
	Date-Added = {2012-06-12 22:58:42 +0200},
	Date-Modified = {2012-06-12 23:05:40 +0200},
	Series = {Proc. SPIE},
	Title = {On-sky testing of the LBT interferometer: steps toward routine AO-stabilized interferometric observations},
	Volume = {8445},
	Year = {2012}}

@inproceedings{codo07,
	Adsnote = {Provided by the SAO/NASA Astrophysics Data System},
	Adsurl = {http://adsabs.harvard.edu/abs/2007lyot.confR..24C},
	Author = {{Codona}, J.},
	Booktitle = {In the Spirit of Bernard Lyot: The Direct Detection of Planets and Circumstellar Disks in the 21st Century},
	Date-Added = {2012-06-11 22:58:18 +0200},
	Date-Modified = {2012-06-11 22:58:19 +0200},
	Month = jun,
	Pages = {24},
	Title = {{Phase Apodization Coronagraphy}},
	Year = 2007}

@article{kuzm12,
	Author = {{Kuzmenko}, P.~J. and {Little}, S.~L. and {Little}, L.~M. and {Wilson}, J.~C. and {Skrutskie}, M.~F. and {Hinz}, P. and {Leisenring}, J.~M. and {Durney}, O.},
	Date-Added = {2012-06-11 01:15:03 +0200},
	Date-Modified = {2017-10-03 18:25:01 +0000},
	Journal = {SPIE},
	Series = {Proc. SPIE},
	Title = {Fabrication and testing of germanium grisms for LMIRcam},
	Volume = {8450},
	Year = {2012}}

@inproceedings{fing04,
	Adsnote = {Provided by the SAO/NASA Astrophysics Data System},
	Adsurl = {http://adsabs.harvard.edu/abs/2004SPIE.5499...47F},
	Author = {{Finger}, G. and {Dorn}, R.~J. and {Meyer}, M. and {Mehrgan}, L. and {Stegmeier}, J. and {Moorwood}, A.~F.~M.},
	Date-Added = {2012-06-11 00:53:45 +0200},
	Date-Modified = {2012-06-11 00:56:11 +0200},
	Doi = {10.1117/12.554044},
	Series = {Proc. SPIE},
	Title = {{Performance of large-format 2Kx2K MBE grown HgCdTe Hawaii-2RG arrays for low-flux applications}},
	Volume = 5499,
	Year = 2004,
	Bdsk-Url-1 = {http://dx.doi.org/10.1117/12.554044}}

@article{moor04,
	Adsnote = {Provided by the SAO/NASA Astrophysics Data System},
	Adsurl = {http://adsabs.harvard.edu/abs/2004SPIE.5167..204M},
	Author = {{Moore}, A.~C. and {Ninkov}, Z. and {Forrest}, W.~J.},
	Date-Added = {2012-06-06 22:48:05 +0200},
	Date-Modified = {2017-10-03 18:25:27 +0000},
	Doi = {10.1117/12.507330},
	Journal = {SPIE},
	Series = {Proc. SPIE},
	Title = {{Interpixel capacitance in nondestructive focal plane arrays}},
	Volume = 5167,
	Year = 2004,
	Bdsk-Url-1 = {http://dx.doi.org/10.1117/12.507330}}

@inproceedings{espo11,
	Adsnote = {Provided by the SAO/NASA Astrophysics Data System},
	Adsurl = {http://adsabs.harvard.edu/abs/2011SPIE.8149E...1E},
	Archiveprefix = {arXiv},
	Author = {{Esposito}, S. and {Riccardi}, A. and {Pinna}, E. and {Puglisi}, A. and {Quir{\'o}s-Pacheco}, F. and {Arcidiacono}, C. and {Xompero}, M. and {Briguglio}, R. and {Agapito}, G. and {Busoni}, L. and {Fini}, L. and {Argomedo}, J. and {Gherardi}, A. and {Brusa}, G. and {Miller}, D. and {Guerra}, J.~C. and {Stefanini}, P. and {Salinari}, P.},
	Date-Added = {2012-06-06 22:38:37 +0200},
	Date-Modified = {2012-06-06 22:50:08 +0200},
	Doi = {10.1117/12.898641},
	Eprint = {1203.2761},
	Primaryclass = {astro-ph.IM},
	Series = {Proc. SPIE},
	Title = {{Large Binocular Telescope Adaptive Optics System: new achievements and perspectives in adaptive optics}},
	Volume = 8149,
	Year = 2011,
	Bdsk-Url-1 = {http://dx.doi.org/10.1117/12.898641}}

@article{bele08,
	Adsnote = {Provided by the SAO/NASA Astrophysics Data System},
	Adsurl = {http://adsabs.harvard.edu/abs/2008SPIE.7021E..13B},
	Author = {{Beletic}, J.~W. and {Blank}, R. and {Gulbransen}, D. and {Lee}, D. and {Loose}, M. and {Piquette}, E.~C. and {Sprafke}, T. and {Tennant}, W.~E. and {Zandian}, M. and {Zino}, J.},
	Date-Added = {2012-05-03 12:27:02 +0000},
	Date-Modified = {2017-10-04 17:59:07 +0000},
	Doi = {10.1117/12.790382},
	Journal = {\procspie},
	Series = {Proc. SPIE},
	Title = {{Teledyne Imaging Sensors: infrared imaging technologies for astronomy and civil space}},
	Volume = 7021,
	Year = 2008,
	Bdsk-Url-1 = {http://dx.doi.org/10.1117/12.790382}}

@article{fowl90,
	Adsnote = {Provided by the SAO/NASA Astrophysics Data System},
	Adsurl = {http://adsabs.harvard.edu/abs/1990ApJ...353L..33F},
	Author = {{Fowler}, A.~M. and {Gatley}, I.},
	Date-Added = {2012-05-03 12:24:43 +0000},
	Date-Modified = {2012-06-06 22:50:36 +0200},
	Doi = {10.1086/185701},
	Journal = {\apjl},
	Keywords = {IMAGE PROCESSING, INFRARED ASTRONOMY, NOISE REDUCTION, ALGORITHMS, INDIUM ANTIMONIDES, INFRARED SPECTROMETERS, PLANETARY NEBULAE, PROTOPLANETS},
	Pages = {L33},
	Title = {{Demonstration of an algorithm for read-noise reduction in infrared arrays}},
	Volume = 353,
	Year = 1990,
	Bdsk-Url-1 = {http://dx.doi.org/10.1086/185701}}

@article{raus07,
	Adsnote = {Provided by the SAO/NASA Astrophysics Data System},
	Adsurl = {http://adsabs.harvard.edu/abs/2007PASP..119..768R},
	Archiveprefix = {arXiv},
	Author = {{Rauscher}, B.~J. and {Fox}, O. and {Ferruit}, P. and {Hill}, R.~J. and {Waczynski}, A. and {Wen}, Y. and {Xia-Serafino}, W. and {Mott}, B. and {Alexander}, D. and {Brambora}, C.~K. and {Derro}, R. and {Engler}, C. and {Garrison}, M.~B. and {Johnson}, T. and {Manthripragada}, S.~S. and {Marsh}, J.~M. and {Marshall}, C. and {Martineau}, R.~J. and {Shakoorzadeh}, K.~B. and {Wilson}, D. and {Roher}, W.~D. and {Smith}, M. and {Cabelli}, C. and {Garnett}, J. and {Loose}, M. and {Wong-Anglin}, S. and {Zandian}, M. and {Cheng}, E. and {Ellis}, T. and {Howe}, B. and {Jurado}, M. and {Lee}, G. and {Nieznanski}, J. and {Wallis}, P. and {York}, J. and {Regan}, M.~W. and {Hall}, D.~N.~B. and {Hodapp}, K.~W. and {B{\"o}ker}, T. and {De Marchi}, G. and {Jakobsen}, P. and {Strada}, P.},
	Date-Added = {2012-05-03 12:19:29 +0000},
	Date-Modified = {2012-06-06 22:49:55 +0200},
	Doi = {10.1086/520887},
	Eprint = {0706.2344},
	Journal = {PASP},
	Keywords = {Astronomical Instrumentation},
	Title = {{Detectors for the James Webb Space Telescope Near-Infrared Spectrograph. I. Readout Mode, Noise Model, and Calibration Considerations}},
	Volume = 119,
	Year = 2007,
	Bdsk-Url-1 = {http://dx.doi.org/10.1086/520887}}

@article{leis10,
	Adsnote = {Provided by the SAO/NASA Astrophysics Data System},
	Adsurl = {http://adsabs.harvard.edu/abs/2010SPIE.7735E..90L},
	Author = {{Leisenring}, J.~M. and {Nelson}, M.~J. and {Hoffmann}, W.~F. and {Schoenwald}, J. and {Wong}, A. and {Skrutskie}, M.~F.},
	Date-Added = {2012-05-01 15:11:24 +0000},
	Date-Modified = {2017-10-03 18:23:57 +0000},
	Doi = {10.1117/12.857615},
	Journal = {SPIE},
	Series = {Proc. SPIE},
	Title = {{Integration and characterization of HAWAII-1RG detector with FORCAST fast-readout electronics for LMIRcam}},
	Volume = 7735,
	Year = 2010,
	Bdsk-Url-1 = {http://dx.doi.org/10.1117/12.857615}}

@article{wils08,
	Adsnote = {Provided by the SAO/NASA Astrophysics Data System},
	Adsurl = {http://adsabs.harvard.edu/abs/2008SPIE.7013E.101W},
	Author = {{Wilson}, J.~C. and {Hinz}, P.~M. and {Skrutskie}, M.~F. and {Jones}, T. and {Solheid}, E. and {Leisenring}, J. and {Garnavich}, P. and {Kenworthy}, M. and {Nelson}, M.~J. and {Woodward}, C.~E.},
	Date-Added = {2012-04-29 15:01:32 +0000},
	Date-Modified = {2017-10-03 18:26:04 +0000},
	Doi = {10.1117/12.789939},
	Journal = {SPIE},
	Series = {Proc. SPIE},
	Title = {{LMIRcam: an L/M-band imager for the LBT combined focus}},
	Volume = 7013,
	Year = 2008,
	Bdsk-Url-1 = {http://dx.doi.org/10.1117/12.789939}}

@article{skru10,
	Author = {{Skrutskie}, M.~F. and {Jones}, T. and {Hinz}, P.~M. and {Garnavic}, P. and {Wilson}, J.~C. and {Nelson}, M.~J. and {Solheid}, E. and {Durney}, O. and {Hoffmann}, W. F. and {Vaitheeswaran}, V. and {McMahon}, T. and {Leisenring}, J. and {Wong}, A.},
	Date-Added = {2010-06-24 17:07:24 -0400},
	Date-Modified = {2017-10-03 18:25:56 +0000},
	Journal = {SPIE},
	Series = {Proc. SPIE},
	Title = {{LMIRcam: an L/M-band imager for the LBT combined focus}},
	Volume = 7735,
	Year = 2010,
	Bdsk-Url-1 = {http://dx.doi.org/10.1117/12.789939}}

@article{rodd82,
	Adsnote = {Provided by the SAO/NASA Astrophysics Data System},
	Adsurl = {http://adsabs.harvard.edu/abs/1982JOpt...13..263R},
	Author = {{Roddier}, F. and {Gilli}, J.~M. and {Lund}, G.},
	Date-Added = {2010-05-26 15:31:23 -0400},
	Date-Modified = {2010-05-26 15:31:25 -0400},
	Doi = {10.1088/0150-536X/13/5/002},
	Journal = {Journal of Optics},
	Keywords = {ATMOSPHERIC OPTICS, ATMOSPHERIC TURBULENCE, INTERFEROMETRY, SPECKLE PATTERNS, STELLAR SPECTRA, ADAPTIVE OPTICS, ATMOSPHERIC SOUNDING, ENVIRONMENT SIMULATION, MICHELSON INTERFEROMETERS},
	Month = oct,
	Pages = {263-271},
	Title = {{On the origin of speckle boiling and its effects in stellar speckle interferometry}},
	Volume = 13,
	Year = 1982,
	Bdsk-Url-1 = {http://dx.doi.org/10.1088/0150-536X/13/5/002}}

@article{egne07,
	Adsnote = {Provided by the SAO/NASA Astrophysics Data System},
	Adsurl = {http://adsabs.harvard.edu/abs/2007PASP..119..669E},
	Author = {{Egner}, S.~E. and {Masciadri}, E. and {McKenna}, D.},
	Date-Added = {2010-05-26 15:24:50 -0400},
	Date-Modified = {2012-06-06 22:50:25 +0200},
	Doi = {10.1086/519461},
	Journal = {PASP},
	Keywords = {Atmospheric Phenomena and Seeing},
	Title = {{Generalized SCIDAR Measurements at Mount Graham}},
	Volume = 119,
	Year = 2007,
	Bdsk-Url-1 = {http://dx.doi.org/10.1086/519461}}

@article{pirg06,
	Adsnote = {Provided by the SAO/NASA Astrophysics Data System},
	Adsurl = {http://adsabs.harvard.edu/abs/2006SPIE.6276E..29P},
	Author = {{Pirger}, B.~E. and {Schoenwald}, J. and {Herter}, T.~L. and {Gull}, G.~E. and {Adams}, J.~D. and {Keller}, L.~D. and {Berthoud}, M. and {Henderson}, C. and {Stacy}, G.~J. and {Nikola}, T.},
	Date-Added = {2010-05-23 18:19:42 -0400},
	Date-Modified = {2017-10-03 18:25:37 +0000},
	Doi = {10.1117/12.672249},
	Journal = {SPIE},
	Series = {Proc. SPIE},
	Title = {{High-speed highly-flexible reconfigurable data acquisition system for astronomy}},
	Volume = 6276,
	Year = 2006,
	Bdsk-Url-1 = {http://dx.doi.org/10.1117/12.672249}}

@article{bara03,
	Adsnote = {Provided by the SAO/NASA Astrophysics Data System},
	Adsurl = {http://adsabs.harvard.edu/abs/2003A%26A...402..701B},
	Author = {{Baraffe}, I. and {Chabrier}, G. and {Barman}, T.~S. and {Allard}, F. and {Hauschildt}, P.~H.},
	Date-Added = {2010-05-19 16:14:25 -0400},
	Date-Modified = {2010-05-19 16:14:25 -0400},
	Doi = {10.1051/0004-6361:20030252},
	Eprint = {arXiv:astro-ph/0302293},
	Journal = {\aap},
	Keywords = {planetary systems, stars: brown dwarfs, stars: evolution, stars: individual (HD 209458)},
	Month = may,
	Pages = {701-712},
	Title = {{Evolutionary models for cool brown dwarfs and extrasolar giant planets. The case of HD 209458}},
	Volume = 402,
	Year = 2003,
	Bdsk-Url-1 = {http://dx.doi.org/10.1051/0004-6361:20030252}}

@article{burr03,
	Adsnote = {Provided by the SAO/NASA Astrophysics Data System},
	Adsurl = {http://adsabs.harvard.edu/abs/2003ApJ...596..587B},
	Author = {{Burrows}, A. and {Sudarsky}, D. and {Lunine}, J.~I.},
	Date-Added = {2010-05-19 16:14:25 -0400},
	Date-Modified = {2010-05-19 16:14:25 -0400},
	Doi = {10.1086/377709},
	Eprint = {arXiv:astro-ph/0304226},
	Journal = {\apj},
	Keywords = {Infrared: Stars, Molecular Processes, Radiative Transfer, Stars: Low-Mass, Brown Dwarfs},
	Month = oct,
	Pages = {587-596},
	Title = {{Beyond the T Dwarfs: Theoretical Spectra, Colors, and Detectability of the Coolest Brown Dwarfs}},
	Volume = 596,
	Year = 2003,
	Bdsk-Url-1 = {http://dx.doi.org/10.1086/377709}}

@article{burr04,
	Adsnote = {Provided by the SAO/NASA Astrophysics Data System},
	Adsurl = {http://adsabs.harvard.edu/abs/2004ApJ...609..407B},
	Author = {{Burrows}, A. and {Sudarsky}, D. and {Hubeny}, I.},
	Date-Added = {2010-05-19 16:14:25 -0400},
	Date-Modified = {2010-05-19 16:14:25 -0400},
	Doi = {10.1086/420974},
	Eprint = {arXiv:astro-ph/0401522},
	Journal = {\apj},
	Keywords = {Stars: Binaries: General, Molecular Processes, Stars: Planetary Systems, Planets and Satellites: General, Radiative Transfer, Stars: Low-Mass, Brown Dwarfs},
	Month = jul,
	Pages = {407-416},
	Title = {{Spectra and Diagnostics for the Direct Detection of Wide-Separation Extrasolar Giant Planets}},
	Volume = 609,
	Year = 2004,
	Bdsk-Url-1 = {http://dx.doi.org/10.1086/420974}}

@article{butl06,
	Adsnote = {Provided by the SAO/NASA Astrophysics Data System},
	Adsurl = {http://adsabs.harvard.edu/abs/2006PASP..118.1685B},
	Author = {{Butler}, R.~P. and {Johnson}, J.~A. and {Marcy}, G.~W. and {Wright}, J.~T. and {Vogt}, S.~S. and {Fischer}, D.~A.},
	Date-Added = {2010-05-19 16:14:25 -0400},
	Date-Modified = {2010-05-19 16:14:25 -0400},
	Doi = {10.1086/510500},
	Eprint = {arXiv:astro-ph/0610179},
	Journal = {\pasp},
	Keywords = {Stars: Planetary Systems: Formation, stars: individual, Techniques: Radial Velocities},
	Month = dec,
	Pages = {1685-1689},
	Title = {{A Long-Period Jupiter-Mass Planet Orbiting the Nearby M Dwarf GJ 849}},
	Volume = 118,
	Year = 2006,
	Bdsk-Url-1 = {http://dx.doi.org/10.1086/510500}}

@article{codo04,
	Adsnote = {Provided by the SAO/NASA Astrophysics Data System},
	Adsurl = {http://adsabs.harvard.edu/abs/2004ApJ...604L.117C},
	Author = {{Codona}, J.~L. and {Angel}, R.},
	Date-Added = {2010-05-19 16:14:25 -0400},
	Date-Modified = {2010-05-19 16:14:25 -0400},
	Doi = {10.1086/383569},
	Eprint = {arXiv:astro-ph/0402420},
	Journal = {\apjl},
	Keywords = {Instrumentation: Adaptive Optics, Stars: Planetary Systems, Stars: Imaging, Techniques: Interferometric},
	Month = apr,
	Pages = {L117-L120},
	Title = {{Imaging Extrasolar Planets by Stellar Halo Suppression in Separately Corrected Color Bands}},
	Volume = 604,
	Year = 2004,
	Bdsk-Url-1 = {http://dx.doi.org/10.1086/383569}}

@article{cumm08,
	Adsnote = {Provided by the SAO/NASA Astrophysics Data System},
	Adsurl = {http://adsabs.harvard.edu/abs/2008PASP..120..531C},
	Archiveprefix = {arXiv},
	Author = {{Cumming}, A. and {Butler}, R.~P. and {Marcy}, G.~W. and {Vogt}, S.~S. and {Wright}, J.~T. and {Fischer}, D.~A.},
	Date-Added = {2010-05-19 16:14:25 -0400},
	Date-Modified = {2010-05-19 16:14:25 -0400},
	Doi = {10.1086/588487},
	Eprint = {0803.3357},
	Journal = {\pasp},
	Keywords = {Extrasolar Planets},
	Month = may,
	Pages = {531-554},
	Title = {{The Keck Planet Search: Detectability and the Minimum Mass and Orbital Period Distribution of Extrasolar Planets}},
	Volume = 120,
	Year = 2008,
	Bdsk-Url-1 = {http://dx.doi.org/10.1086/588487}}

@inproceedings{herb04,
	Adsnote = {Provided by the SAO/NASA Astrophysics Data System},
	Adsurl = {http://adsabs.harvard.edu/abs/2004SPIE.5492.1045H},
	Author = {{Herbst}, T.~M. and {Ragazzoni}, R. and {Eckart}, A. and {Weigelt}, G.},
	Date-Added = {2010-05-19 16:14:25 -0400},
	Date-Modified = {2012-04-29 15:07:41 +0000},
	Doi = {10.1117/12.551516},
	Series = {Proc. SPIE},
	Title = {{The LINC-NIRVANA interferometric imager for the Large Binocular Telescope}},
	Volume = 5492,
	Year = 2004,
	Bdsk-Url-1 = {http://dx.doi.org/10.1117/12.551516}}

@inproceedings{hinz08a,
	Adsnote = {Provided by the SAO/NASA Astrophysics Data System},
	Adsurl = {http://adsabs.harvard.edu/abs/2008SPIE.7013E.100H},
	Author = {{Hinz}, P.~M. and {Solheid}, E. and {Durney}, O. and {Hoffmann}, W.~F.},
	Date-Added = {2010-05-19 16:14:25 -0400},
	Date-Modified = {2012-04-29 15:06:59 +0000},
	Doi = {10.1117/12.790242},
	Series = {Proc. SPIE},
	Title = {{NIC: LBTI's nulling and imaging camera}},
	Volume = 7013,
	Year = 2008,
	Bdsk-Url-1 = {http://dx.doi.org/10.1117/12.790242}}

@inproceedings{hinz08,
	Adsnote = {Provided by the SAO/NASA Astrophysics Data System},
	Adsurl = {http://adsabs.harvard.edu/abs/2008SPIE.7013E..67H},
	Author = {{Hinz}, P.~M. and {Bippert-Plymate}, T. and {Breuninger}, A. and {Connors}, T. and {Duffy}, B. and {Esposito}, S. and {Hoffmann}, W. and {Kim}, J. and {Kraus}, J. and {McMahon}, T. and {Montoya}, M. and {Nash}, R. and {Durney}, O. and {Solheid}, E. and {Tozzi}, A. and {Vaitheeswaran}, V.},
	Date-Added = {2010-05-19 16:14:25 -0400},
	Date-Modified = {2012-04-29 15:07:22 +0000},
	Doi = {10.1117/12.790211},
	Series = {Proc. SPIE},
	Title = {{Status of the LBT interferometer}},
	Volume = 7013,
	Year = 2008,
	Bdsk-Url-1 = {http://dx.doi.org/10.1117/12.790211}}

@article{juri08,
	Adsnote = {Provided by the SAO/NASA Astrophysics Data System},
	Adsurl = {http://adsabs.harvard.edu/abs/2008ApJ...686..603J},
	Author = {{Juri{\'c}}, M. and {Tremaine}, S.},
	Date-Added = {2010-05-19 16:14:25 -0400},
	Date-Modified = {2010-05-19 16:14:25 -0400},
	Doi = {10.1086/590047},
	Eprint = {arXiv:astro-ph/0703160},
	Journal = {\apj},
	Keywords = {Stars: Planetary Systems, Stars: Planetary Systems: Formation, Planets and Satellites: General},
	Month = oct,
	Pages = {603-620},
	Title = {{Dynamical Origin of Extrasolar Planet Eccentricity Distribution}},
	Volume = 686,
	Year = 2008,
	Bdsk-Url-1 = {http://dx.doi.org/10.1086/590047}}

@article{kenw07,
	Adsnote = {Provided by the SAO/NASA Astrophysics Data System},
	Adsurl = {http://adsabs.harvard.edu/abs/2007ApJ...660..762K},
	Author = {{Kenworthy}, M.~A. and {Codona}, J.~L. and {Hinz}, P.~M. and {Angel}, J.~R.~P. and {Heinze}, A. and {Sivanandam}, S.},
	Date-Added = {2010-05-19 16:14:25 -0400},
	Date-Modified = {2012-06-11 23:10:35 +0200},
	Doi = {10.1086/513596},
	Eprint = {arXiv:astro-ph/0702324},
	Journal = {ApJ},
	Keywords = {Instrumentation: High Angular Resolution, stars: individual ({$\mu$} Her A), Stars: Low-Mass, Brown Dwarfs},
	Month = may,
	Pages = {762-769},
	Title = {{First On-Sky High-Contrast Imaging with an Apodizing Phase Plate}},
	Volume = 660,
	Year = 2007,
	Bdsk-Url-1 = {http://dx.doi.org/10.1086/513596}}

@article{swar06,
	Adsnote = {Provided by the SAO/NASA Astrophysics Data System},
	Adsurl = {http://adsabs.harvard.edu/abs/2006OptL...31.2042S},
	Author = {{Swartzlander}, Jr., G.~A.},
	Date-Added = {2010-05-19 16:14:25 -0400},
	Date-Modified = {2010-05-19 16:14:25 -0400},
	Doi = {10.1364/OL.31.002042},
	Journal = {Optics Letters},
	Keywords = {Fourier optics, Lens design, Other areas of optics, Astronomical optics},
	Month = jul,
	Pages = {2042-2044},
	Title = {{Achromatic optical vortex lens}},
	Volume = 31,
	Year = 2006,
	Bdsk-Url-1 = {http://dx.doi.org/10.1364/OL.31.002042}}

@book{Alred03,
	Address = {New York},
	Author = {G. J. Alred and C. T. Brusaw and W. E. Oliu},
	Publisher = {St. Martin's},
	Title = {Handbook of Technical Writing},
	Year = {2003 (seventh edition)}}

@book{Goossens97,
	Address = {Reading, Mass.},
	Author = {Michel Goossens and Frank Mittelbach and Sebastian Rahtz},
	Publisher = {Addison-Wesley},
	Title = {The LaTeX Companion},
	Year = {1997}}

@book{Mittelbach04,
	Address = {Reading, Mass.},
	Author = {Frank Mittelbach and Michel Goossens and Johannes Braams and David Carlisle},
	Edition = {second},
	Publisher = {Addison-Wesley},
	Title = {The LaTeX Companion},
	Year = {2004}}

@incollection{Gull89a,
	Address = {Dordrecht},
	Author = {S. F. Gull},
	Booktitle = {Maximum Entropy and Bayesian Methods},
	Editor = {J. Skilling},
	Pages = {53-71},
	Publisher = {Kluwer Academic},
	Title = {Developments in maximum-entropy data analysis},
	Year = {1989}}

@inproceedings{Hanson93c,
	Author = {K. M. Hanson},
	Booktitle = {Medical Imaging:\ Image Processing},
	Editor = {M.\ H. Loew},
	Pages = {716-731},
	Series = {Proc. SPIE},
	Title = {Introduction to {B}ayesian image analysis},
	Volume = {1898},
	Year = {1993}}

@book{Lamport94,
	Address = {Reading, Mass.},
	Author = {L. Lamport},
	Publisher = {Addison-Wesley},
	Title = {LaTeX: A Document Preparation System},
	Year = {1994}}

@article{Metropolis53,
	Author = {N. Metropolis and A. W. Rosenbluth and M. N. Rosenbluth and A. H. Teller and E. Teller},
	Journal = {J. Chem. Phys.},
	Pages = {1087-1091},
	Title = {Equations of state calculations by fast computing machine},
	Volume = {21},
	Year = {1953}}

@book{Perelman97,
	Address = {Mayfield},
	Author = {L. C. Perelman and J. Paradis and E. Barrett},
	Month = {April},
	Note = {http://mit.imoat.net/handbook/},
	Publisher = {Mountain View},
	Title = {Mayfield Handbook of Technical and Scientific Writing},
	Year = {1997}}
